% Encoding: UTF-8

@Book{Constantine1999,
  title         = {Software for use: a practical guide to the models and methods of usage-centered design},
  publisher     = {Pearson Education},
  year          = {1999},
  author        = {Constantine, Larry L and Lockwood, Lucy AD},
  __markedentry = {[eXeLuis:6]},
}

@Misc{Locaboo,
  author = {LOY GmbH, vertreten durch Michael Loy},
  title  = {Locaboo},
  owner  = {LOY GmbH vertreten durch Michael Loy},
  url    = {http://locaboo.com},
}

@Misc{INTIME,
  url = {https://www.comtec-noeker.de},
}

@Misc{OnRaum,
  url = {http://online-raumverwaltung.de},
}

@Misc{THK-OnlineTool,
  url = {http://advbs06.gm.fh-koeln.de:7777/plsql/sport.raum_abfrage},
}

@Comment{jabref-meta: databaseType:bibtex;}
